
%%% OSDI %%%
@Proceedings{osdi00,
  booktitle = "OSDI'00",
}

@Proceedings{osdi02,
  booktitle = "OSDI'02",
}

@Proceedings{osdi04,
  booktitle = "OSDI'04",
}

@Proceedings{osdi06,
  booktitle = "OSDI'06",
}

@Proceedings{osdi08,
  booktitle = "OSDI'08",
}

@Proceedings{osdi10,
  booktitle = "OSDI'10",
}

%%% SOSP %%%
@Proceedings{sosp93,
  booktitle = "SOSP'93",
}

@Proceedings{sosp95,
  booktitle = "SOSP'95",
}

@Proceedings{sosp97,
  booktitle = "SOSP'97",
}

@Proceedings{sosp01,
  booktitle = "SOSP'01",
}

@Proceedings{sosp05,
  booktitle = "SOSP'05",
}

@Proceedings{sosp07,
  booktitle = "SOSP'07",
}

@Proceedings{sosp09,
  booktitle = "SOSP'09",
}

@Proceedings{sosp11,
  booktitle = "SOSP'11",
}


%%% EuroSys %%%
@Proceedings{eurosys06,
  booktitle = "EuroSys'06",
}

@Proceedings{eurosys07,
  booktitle = "EuroSys'07",
}

@Proceedings{eurosys09,
  booktitle = "EuroSys'09",
}

@Proceedings{eurosys10,
  booktitle = "EuroSys'10",
}

@Proceedings{eurosys11,
  booktitle = "EuroSys'11",
}

@Proceedings{eurosys13,
  booktitle = "EuroSys'13",
}

%%% SPIN %%%
@Proceedings{spin99,
  booktitle = "SPIN'99",
}

@Proceedings{spin00,
  booktitle = "SPIN'00",
}

@Proceedings{spin01,
  booktitle = "SPIN'01",
}

@Proceedings{spin05,
  booktitle = "SPIN'05",
}

@Proceedings{spin12,
  booktitle = "SPIN'12",
}

%%% MSR %%%

@Proceedings{msr05,
  booktitle = "MSR'05",
}

@Proceedings{msr06,
  booktitle = "MSR'06",
}

@Proceedings{msr07,
  booktitle = "MSR'07",
}

@Proceedings{msr08,
  booktitle = "MSR'08",
}

@Proceedings{msr09,
  booktitle = "MSR'09",
}

@Proceedings{msr10,
  booktitle = "MSR'10",
}

@Proceedings{msr11,
  booktitle = "MSR'11",
}

@Proceedings{msr12,
  booktitle = "MSR'12",
}

@Proceedings{msr13,
  booktitle = "MSR'13",
}

%%% Other workshops %%%

@Proceedings{defects08,
  booktitle = "DEFECTS'08",
}

@Proceedings{dsmm09,
  booktitle = "DSMM'09",
}

@Proceedings{iwmse11,
  booktitle = "IWMSE'11",
}

@Proceedings{wbia09,
  booktitle = {Workshop on Binary Instrumentation and Applications},
}


%%% USENIX Technical %%%
@Proceedings{usenix-win92,
  booktitle = "USENIX Winter'92",
}

@Proceedings{usenix-win93,
  booktitle = "USENIX Winter'93",
}

@Proceedings{usenix-atc04,
  booktitle = "USENIX ATC'04",
}

@Proceedings{usenix-atc05,
  booktitle = "USENIX ATC'05",
}

@Proceedings{usenix-atc06,
  booktitle = "USENIX ATC'06",
}

@Proceedings{usenix-atc08,
  booktitle = "{USENIX} ATC'08",
}

@Proceedings{usenix-atc09,
  booktitle = "{USENIX} ATC'09",
}

@Proceedings{usenix-atc10,
  booktitle = "USENIX ATC'10",
}

@Proceedings{usenix-atc12,
  booktitle = "USENIX ATC'12",
}

@Proceedings{usenix-atc13,
  booktitle = "USENIX ATC'13",
}

@Proceedings{usenix-atc16,
  booktitle = "USENIX ATC'16",
}



%%%%%%%%%%

@Proceedings{usenix-nt99,
  booktitle = "USENIX NT'99",
}


%%% CCS %%%
@Proceedings{ccs03,
  booktitle = "CCS'03",
}

@Proceedings{ccs04,
  booktitle = "CCS'04",
}

@Proceedings{ccs06,
  booktitle = "CCS'06",
}


%%% ASIACCS %%%
@Proceedings{asiaccs07,
  booktitle = "ASIACCS'07",
}

@Proceedings{asiaccs13,
  booktitle = "ASIACCS'13",
}

%%% USENIX Security %%%
@Proceedings{usenix-sec96,
   booktitle = "{USENIX} Security'96",
}

@Proceedings{usenix-sec98,
   booktitle = "{USENIX} Security'98",
}

@Proceedings{usenix-sec00,
   booktitle = "{USENIX} Security'00",
}

@Proceedings{usenix-sec01,
   booktitle = "{USENIX} Security'01",
}

@Proceedings{usenix-sec02,
   booktitle = "{USENIX} Security'02",
}

@Proceedings{usenix-sec03,
   booktitle = "{USENIX} Security'03",
}

@Proceedings{usenix-sec05,
   booktitle = "{USENIX} Security'05",
}

@Proceedings{usenix-sec06,
   booktitle = "{USENIX} Security'06",
}

@Proceedings{usenix-sec10,
   booktitle = "{USENIX} Security'10",
}

@Proceedings{usenix-sec11,
   booktitle = "{USENIX} Security'11",
}

@Proceedings{usenix-sec12,
  booktitle = "{USENIX} Security'12",
}

%%% IEEE Security & Privacy %%%
@Proceedings{ieee-sp99,
   booktitle = "{IEEE} S\&P'99",
}

@Proceedings{ieee-sp01,
   booktitle = "{IEEE} S\&P'01",
}

@Proceedings{ieee-sp06,
   booktitle = "{IEEE} S\&P'06",
}

@Proceedings{ieee-sp07,
  booktitle = "{IEEE} S\&P'07",
}

@Proceedings{ieee-sp08,
   booktitle = "{IEEE} S\&P'08",
}

@Proceedings{ieee-sp09,
   booktitle = "{IEEE} S\&P'09",
}

@Proceedings{ieee-sp10,
   booktitle = "{IEEE} S\&P'10",
}

@Proceedings{ieee-sp11,
   booktitle = "{IEEE} S\&P'11",
}

@Proceedings{ieee-sp12,
   booktitle = "{IEEE} S\&P'12",
}

@Proceedings{ieee-sp13,
  booktitle = "{IEEE} S\&P'13",
}

@Proceedings{ieee-sp14,
  booktitle = "{IEEE} S\&P'14",
}

%%% ACSAC %%%

@Proceedings{acsac04,
  booktitle = "ACSAC'04",
}

@Proceedings{acsac08,
  booktitle = "ACSAC'08",
}

@Proceedings{acsac11,
  booktitle = "ACSAC'12",
}

@Proceedings{acsac12,
  booktitle = "ACSAC'12",
}

%%% ISSTA %%%
@Proceedings{issta96,
  booktitle = "ISSTA'96",
}

@Proceedings{issta98,
  booktitle = "ISSTA'98",
}

@Proceedings{issta02,
  booktitle = "ISSTA'02",
}

@Proceedings{issta04,
  booktitle = "ISSTA'04",
}

@Proceedings{issta06,
  booktitle = "ISSTA'06",
}

@Proceedings{issta07,
  booktitle = "ISSTA'07",
}

@Proceedings{issta08,
  booktitle = "ISSTA'08",
}

@Proceedings{issta09,
  booktitle = "ISSTA'09",
}

@Proceedings{issta10,
  booktitle = "ISSTA'10",
}

@Proceedings{issta11,
  booktitle = "ISSTA'11",
}

@Proceedings{issta12,
  booktitle = "ISSTA'12",
}

@Proceedings{issta14,
  booktitle = "ISSTA'14",
}

@Proceedings{issta15,
  booktitle = "ISSTA'15",
}

@Proceedings{issta17,
  booktitle = "ISSTA'17",
}


%%% TACAS %%%
@Proceedings{tacas98,
  booktitle = "TACAS'98",
}

@Proceedings{tacas03,
  booktitle = "TACAS'03",
}

@Proceedings{tacas04,
  booktitle = "TACAS'04",
}

@Proceedings{tacas07,
  booktitle = "TACAS'07",
}

@Proceedings{tacas08,
  booktitle = "TACAS'08",
}

@Proceedings{tacas09,
  booktitle = "TACAS'09",
}


@Proceedings{tacas10,
  booktitle = "TACAS'10",
}

@Proceedings{tacas12,
  booktitle = "TACAS'12",
}

@Proceedings{tacas15,
  booktitle = "TACAS'15",
}

%%% HVC
@Proceedings{hvc14,
  booktitle = "HVC'14",
}

@Proceedings{hvc11,
  booktitle = "HVC'11",
}

%%% ICSE %%%
@Proceedings{icse99,
  booktitle = "ICSE'99",
}

@Proceedings{icse00,
  booktitle = "ICSE'00",
}

@Proceedings{icse02,
  booktitle = "ICSE'02",
}

@Proceedings{icse04,
  booktitle = "ICSE'04",
}

@Proceedings{icse05,
  booktitle = "ICSE'05",
}

@Proceedings{icse06,
  booktitle = "ICSE'06",
}

@Proceedings{icse07,
  booktitle = "ICSE'07",
}

@Proceedings{icse08,
  booktitle = "ICSE'08",
}

@Proceedings{icse09,
  booktitle = "ICSE'09",
}

@Proceedings{icse10,
  booktitle = "ICSE'10",
}

@Proceedings{icse11,
  booktitle = "ICSE'11",
}

@Proceedings{icse12,
  booktitle = "ICSE'12",
}

@Proceedings{icse13,
  booktitle = "ICSE'13",
}

@Proceedings{icse14,
  booktitle = "ICSE'14",
}

@Proceedings{icse15,
  booktitle = "ICSE'15",
}

@Proceedings{icse16,
  booktitle = "ICSE'16",
}

%%% ICSE Tracks %%%

@Proceedings{icse-impact11,
  booktitle = "ICSE Impact'11",
}

@Proceedings{icse-nier14,
  booktitle = "ICSE NIER'14",
}

%%% FSE %%%
@Proceedings{fse98,
  booktitle = "FSE'98",
}

@Proceedings{fse06,
  booktitle = "FSE'06",
}

@Proceedings{fse10,
  booktitle = "FSE'10",
}

@Proceedings{fse14,
  booktitle = "FSE'14",
}


@Proceedings{fse12,
  booktitle = "FSE'12",
}

%%% ESEC/FSE %%%
@Proceedings{esec-fse99,
  booktitle = "ESEC/FSE'99",
}

@Proceedings{esec-fse01,
  booktitle = "ESEC/FSE'01",
}

@Proceedings{esec-fse03,
  booktitle = "ESEC/FSE'03",
}

@Proceedings{esec-fse05,
  booktitle = "ESEC/FSE'05",
}

@Proceedings{esec-fse07,
  booktitle = "ESEC/FSE'07",
}

@Proceedings{fse08,
  booktitle = "FSE'08",
}

@Proceedings{esec-fse11,
  booktitle = "ESEC/FSE'11",
}

@Proceedings{esec-fse13,
  booktitle = "ESEC/FSE'13",
}

@Proceedings{esec-fse15,
  booktitle = "ESEC/FSE'15",
}

@Proceedings{esec-fse17,
  booktitle = "ESEC/FSE'17",
}

@Proceedings{esec-fse-ni15,
  booktitle = "ESEC/FSE NI'15",
}


%%% ASE %%%
@Proceedings{ase00,
  booktitle = "ASE'00",
}

@Proceedings{ase01,
  booktitle = "ASE'01",
}

@Proceedings{ase06,
  booktitle = "ASE'06",
}

@Proceedings{ase07,
  booktitle = "ASE'07",
}

@Proceedings{ase08,
  booktitle = "ASE'08",
}

@Proceedings{ase09,
  booktitle = "ASE'09",
}

@Proceedings{ase10,
  booktitle = "ASE'10",
}

@Proceedings{ase11,
  booktitle = "ASE'11",
}

@Proceedings{ase12,
  booktitle = "ASE'12",
}

@Proceedings{ase14,
  booktitle = "ASE'14",
}

%%% ICSM %%%

@Proceedings{icsm01,
  booktitle = "ICSM'01",
}

@Proceedings{icsm07,
  booktitle = "ICSM'07",
}

@Proceedings{icsm10,
  booktitle = "ICSM'10",
}

%%% ASPEC %%%
@Proceedings{aspec09,
  booktitle = "ASPEC'09",
}


%%% AADEBUG %%%
@Proceedings{aadebug95,
  booktitle = "AADEBUG'95",
}

@Proceedings{aadebug97,
  booktitle = "AADEBUG'97",
}

@Proceedings{aadebug03,
  booktitle = "AADEBUG'03",
}

@Proceedings{aadebug05,
  booktitle = "AADEBUG'05",
}

%%% PLDI %%%
@Proceedings{pldi96,
  booktitle = "PLDI'96",
}

@Proceedings{pldi99,
  booktitle = "PLDI'99",
}

@Proceedings{pldi00,
  booktitle = "PLDI'00",
}

@Proceedings{pldi01,
  booktitle = "PLDI'01",
}

@Proceedings{pldi02,
  booktitle = "PLDI'02",
}

@Proceedings{pldi03,
  booktitle = "PLDI'03",
}

@Proceedings{pldi04,
  booktitle = "PLDI'04",
}

@Proceedings{pldi05,
  booktitle = "PLDI'05",
}

@Proceedings{pldi06,
  booktitle = "PLDI'06",
}

@Proceedings{pldi07,
  booktitle = "PLDI'07",
}

@Proceedings{pldi09,
  booktitle = "PLDI'09",
}

@Proceedings{pldi11,
  booktitle = "PLDI'11",
}

@Proceedings{pldi12,
  booktitle = "PLDI'12",
}

@Proceedings{pldi14,
  booktitle = "PLDI'14",
}

@Proceedings{pldi15,
  booktitle = "PLDI'15",
}

@Proceedings{pldi16,
  booktitle = "PLDI'16",
}

%%% POPL %%%
@Proceedings{popl73,
  booktitle = "POPL'73",
}

@Proceedings{popl77,
  booktitle = "POPL'77",
}

@Proceedings{popl91,
  booktitle = "POPL'91",
}

@Proceedings{popl93,
  booktitle = "POPL'93",
}

@Proceedings{popl96,
  booktitle = "POPL'96",
}

@Proceedings{popl97,
  booktitle = "POPL'97",
}

@Proceedings{popl98,
  booktitle = "POPL'98",
}

@Proceedings{popl99,
  booktitle = "POPL'99",
}

@Proceedings{popl00,
  booktitle = "POPL'00",
}

@Proceedings{popl02,
  booktitle = "POPL'02",
}

@Proceedings{popl03,
  booktitle = "POPL'03",
}

@Proceedings{popl04,
  booktitle = "POPL'04",
}

@Proceedings{popl05,
  booktitle = "POPL'05",
}

@Proceedings{popl06,
  booktitle = "POPL'06",
}

@Proceedings{popl07,
  booktitle = "POPL'07",
}

@Proceedings{popl10,
  booktitle = "POPL'10",
}


%%% ASPLOS %%%
@Proceedings{asplos00,
  booktitle = "ASPLOS'00",
}

@Proceedings{asplos02,
  booktitle = "ASPLOS'02",
}

@Proceedings{asplos06,
  booktitle = "ASPLOS'06",
}

@Proceedings{asplos08,
  booktitle = "ASPLOS'08",
}

@Proceedings{asplos09,
  booktitle = "ASPLOS'09",
}

@Proceedings{asplos10,
  booktitle = "ASPLOS'10",
}

@Proceedings{asplos11,
  booktitle = "ASPLOS'11",
}

@Proceedings{asplos13,
  booktitle = "ASPLOS'13",
}

@Proceedings{asplos15,
  booktitle = "ASPLOS'15",
}

%%% CC %%%
@Proceedings{cc02,
  booktitle = "CC'02",
}

@Proceedings{cc11,
  booktitle = "CC'11",
}


%%% OOPSLA %%%
@Proceedings{oopsla03,
  booktitle = "OOPSLA'03",
}

@Proceedings{oopsla-companion05,
  booktitle = "OOPSLA'05 Companion",
}

@Proceedings{oopsla07,
  booktitle = "OOPSLA'07",
}

@Proceedings{oopsla09,
  booktitle = "OOPSLA'09",
}

@Proceedings{oopsla12,
  booktitle = "OOPSLA'12",
}

@Proceedings{oopsla14,
  booktitle = "OOPSLA'14",
}

%%% SAS %%%
@Proceedings{sas11,
  booktitle = "SAS'11",
}

@Proceedings{sas99,
  booktitle = "SAS'99",
}


%%% NSDI %%%
@Proceedings{nsdi04,
  booktitle = "NSDI'04",
}

@Proceedings{nsdi07,
  booktitle = "NSDI'07",
}


%%% NDSS %%%
@Proceedings{ndss99,
  booktitle = "NDSS'99",
}

@Proceedings{ndss00,
  booktitle = "NDSS'00",
}

@Proceedings{ndss02,
  booktitle = "NDSS'02",
}

@Proceedings{ndss03,
  booktitle = "NDSS'03",
}

@Proceedings{ndss04,
  booktitle = "NDSS'04",
}

@Proceedings{ndss05,
  booktitle = "NDSS'05",
}

@Proceedings{ndss06,
  booktitle = "NDSS'06",
}

@Proceedings{ndss08,
  booktitle = "NDSS'08",
}

@Proceedings{ndss10,
  booktitle = "NDSS'10",
}

@Proceedings{ndss11,
  booktitle = "NDSS'11",
}

@Proceedings{ndss12,
  booktitle = "NDSS'12",
}

@Proceedings{ndss13,
  booktitle = "NDSS'12",
}

%%% DAC %%%
@Proceedings{dac98,
  booktitle = "DAC'98",
}

@Proceedings{dac03,
  booktitle = "DAC'03",
}

@Proceedings{dac09,
  booktitle = "DAC'09",
}

@Proceedings{dac13,
  booktitle = "DAC'13",
}


%%% CAV %%%
@Proceedings{cav94,
  booktitle = "CAV'94",
}

@Proceedings{cav97,
  booktitle = "CAV'97",
}

@Proceedings{cav99,
  booktitle = "CAV'99",
}

@Proceedings{cav00,
  booktitle = "CAV'00",
}

@Proceedings{cav01,
  booktitle = "CAV'01",
}

@Proceedings{cav02,
  booktitle = "CAV'02",
}

@Proceedings{cav03,
  booktitle = "CAV'03",
}

@Proceedings{cav04,
  booktitle = "CAV'04",
}

@Proceedings{cav05,
  booktitle = "CAV'05",
}

@Proceedings{cav06,
  booktitle = "CAV'06",
}

@Proceedings{cav07,
  booktitle = "CAV'07",
}

@Proceedings{cav08,
  booktitle = "CAV'08",
}

@Proceedings{cav09,
  booktitle = "CAV'09",
}

@Proceedings{cav10,
  booktitle = "CAV'10",
}

@Proceedings{cav11,
  booktitle = "CAV'11",
}

@Proceedings{cav12,
  booktitle = "CAV'12",
}

@Proceedings{cav13,
  booktitle = "CAV'13",
}

@Proceedings{cav14,
  booktitle = "CAV'14",
}


%% PPoPP

@Proceedings{ppopp03,
  booktitle = "PPoPP'03",
}

@Proceedings{ppopp08,
  booktitle = "PPoPP'08",
}

@Proceedings{ppopp11,
  booktitle = "PPoPP'11",
}

@Proceedings{ppopp12,
  booktitle = "PPoPP'12",
}

@Proceedings{ppopp13,
  booktitle = "PPoPP'13",
}


%%% CGO %%%

@Proceedings{cgo04,
  booktitle = "CGO'04",
}

@Proceedings{cgo06,
  booktitle = "CGO'06",
}

@Proceedings{cgo07,
  booktitle = "CGO'07",
}

@Proceedings{cgo11,
  booktitle = "CGO'11",
}

@Proceedings{cgo15,
  booktitle = "CGO'15",
}

%%% FMCAD %%%

@Proceedings{fmcad98,
  booktitle = "FMCAD'08",
}

@Proceedings{fmcad12,
  booktitle = "FMCAD'12",
}



%%% IJCAI

@Proceedings{ijcai99,
  booktitle = "IJCAI'99",
}

@Proceedings{ijcai07,
  booktitle = "IJCAI'07",
}

@Proceedings{ijcai09,
  booktitle = "IJCAI'09",
}

%%% ISSRE

@Proceedings{issre96,
  booktitle = "ISSRE'96",
}

@Proceedings{issre98,
  booktitle = "ISSRE'98",
}

@Proceedings{issre03,
  booktitle = "ISSRE'03",
}

@Proceedings{issre05,
  booktitle = "ISSRE'05",
}

@Proceedings{issre10,
  booktitle = "ISSRE'10",
}

@Proceedings{issre11,
  booktitle = "ISSRE'11",
}

@Proceedings{issre12,
  booktitle = "ISSRE'12",
}

@Proceedings{issre13,
  booktitle = "ISSRE'13",
}

@Proceedings{issre15,
  booktitle = "ISSRE'15",
}

%%% Other

@Proceedings{ipdps94,
  booktitle = "IPDPS'94",
}

@Proceedings{ipdps10,
  booktitle = "IPDPS'10",
}

@Proceedings{sigmetrics10,
  booktitle = "SIGMETRICS'10",
}

@Proceedings{gpce06,
  booktitle = "GPCE'06",
}

@Proceedings{sensys08,
  booktitle = "SenSys'08",
}

@Proceedings{ipsn10,
  booktitle = "IPSN'10",
}

@Proceedings{asp-dac03,
  booktitle = "ASP-DAC'03",
}

@Proceedings{lics01,
  booktitle = "LICS'01",
}

@Proceedings{wcci08,
  booktitle = "WCCI'08",
}

@Proceedings{csf07,
  booktitle = "CSF'07",
}

@Proceedings{ias07,
  booktitle = "IAS'07",
}

@Proceedings{dcia98,
  booktitle = "DCIA'98",
}

@Proceedings{paste02,
  booktitle = "PASTE'02",
}

@Proceedings{paste04,
  booktitle = "PASTE'04",
}

@Proceedings{paste05,
  booktitle = "PASTE'05",
}

@Proceedings{woda03,
  booktitle = "WODA'03",
}

@Proceedings{woda04,
  booktitle = "WODA'04",
}

@Proceedings{woda15,
  booktitle = "WODA'15",
}

@Proceedings{iciss08,
  booktitle = "ICISS'08",
}

@Proceedings{tap08,
  booktitle = "TAP'08",
}

@Proceedings{hotdep07,
  booktitle = "HotDep'07",
}

@Proceedings{hotdep09,
  booktitle = "HotDep'09",
}

@Proceedings{hotos13,
  booktitle = "HotOS'13",
}

@Proceedings{icrs75,
  booktitle = "ICRS'75",
}

@Proceedings{stmcs08,
  booktitle = "STMCS'08",
}

@Proceedings{hotpar09,
  booktitle = "HotPar'09",
}

@Proceedings{hotpar10,
  booktitle = "HotPar'10",
}

@Proceedings{pespma10,
  booktitle = "PESPMA'10",
}

@Proceedings{pdpar03,
  booktitle = "PDPAR'03",
}

@Proceedings{hotswup11,
  booktitle = "HotSWUp'11",
}

@Proceedings{hotswup12,
  booktitle = "HotSWUp'12",
}

@proceedings{hotswup13,
  booktitle = "HotSWUp'13",
}

@Proceedings{edcc06,
  booktitle = "EDCC'06",
}

@Proceedings{icccn11,
  booktitle = "ICCCN'11",
}

@Proceedings{ftcs78,
  booktitle = "FTCS'78",
}

@Proceedings{ftcs98,
  booktitle = "FTCS'98",
}

@Proceedings{cf10,
  booktitle = "CF'10",
}

@Proceedings{cf11,
  booktitle = "CF'11",
}

@Proceedings{lisa99,
  booktitle = "LISA'99",
}

@Proceedings{lisa00,
  booktitle = "LISA'00",
}

@Proceedings{lisa02,
  booktitle = "LISA'02",
}

@Proceedings{raid00,
  booktitle = "RAID'00",
}

@Proceedings{raid04,
  booktitle = "RAID'04",
}

@Proceedings{sac02,
  booktitle = "SAC'04",
}


%%% ICST %%%

@Proceedings{icst16,
  booktitle = "ICST'16",
}


@Proceedings{icst12,
  booktitle = "ICST'12",
}

@Proceedings{icst10,
  booktitle = "ICST'10",
}

@Proceedings{icstw09,
  booktitle = "ICSTW'09",
}

@Proceedings{sbst09,
  booktitle = "SBST'09",
}

@Proceedings{foser10,
  booktitle = "FoSER'10",
}

@Proceedings{icpads97,
  booktitle = "ICPADS'97",
}

@Proceedings{icpads11,
  booktitle = "ICPADS'11",
}

%%% ESOP %%%

@Proceedings{esop06,
  booktitle = "ESOP'06",
}

@Proceedings{esop13,
  booktitle = "ESOP'13",
}

@Proceedings{gecco02,
  booktitle = "GECCO'02",
}

@Proceedings{gecco10,
  booktitle = "GECCO'10",
}

@Proceedings{sstic05,
  booktitle = "SSTIC'05",
}

@Proceedings{cpsna14,
  booktitle= "CPSNA'14",
}

@Proceedings{ipccc07,
  booktitle= "IPCCC'07",
}

@Proceedings{kr12,
  booktitle = "KR'12",
}

@Proceedings{difts11,
  booktitle = "DIFTS'12",
}

@Proceedings{vlsi07,
  booktitle = "VLSI'07",
}

@Proceedings{ecoop11,
  booktitle = "ECOOP'11",
}

@Proceedings{ifm05,
  booktitle = "IFM'05",
}

@Proceedings{cade13,
  booktitle = "CADE'13",
}

@Proceedings{esem10,
  booktitle = "ESEM'10",
}

@Proceedings{fcst08,
  booktitle = "FCST'08",
}

@Proceedings{regression13,
  booktitle = PROC # "3rd International Workshop on Regression Testing",
}

@Proceedings{dsn09,
  booktitle = "DSN'09",
}

@Proceedings{nspw10,
  booktitle = "NSPW'10",
}

@Proceedings{ols02,
  booktitle = "OLS'02",
}

@Proceedings{woot07,
  booktitle = "WOOT'07",
}

@Proceedings{tcon95,
  booktitle = "TCON'95",
}

@Proceedings{jtres00,
  booktitle = "JTRES'00",
}

@Proceedings{pppj10,
  booktitle = "PPPJ'10",
}

@Proceedings{vee06,
  booktitle = "VEE'06",
}

@Proceedings{vee08,
  booktitle = "VEE'08",
}

@Proceedings{vee10,
  booktitle = "VEE'10",
}

@Proceedings{vee11,
  booktitle = "VEE'11",
}

%%%% ISCA %%%%

@Proceedings{isca04,
  booktitle = "ISCA'04",
}

@Proceedings{isca05,
  booktitle = "ISCA'05",
}

@Proceedings{isca13,
  booktitle = "ISCA'13",
}

%%%%

@Proceedings{iccs01,
  booktitle = "ICCS'01",
}

%%% RV %%%
@Proceedings{rv01,
  booktitle = "RV'01",
}

@Proceedings{rv13,
  booktitle = "RV'13",
}

@Proceedings{csiirw10,
  booktitle = "CSIIRW'10",
}

@Proceedings{secrypt07,
  booktitle = "SECRYPT'07",
}

@Proceedings{als01,
  booktitle = "ALS'01",
}

@Proceedings{expcs07,
  booktitle = "ExpCS'07",
}

@Proceedings{spdt98,
  booktitle = "SPDT'98",
}

@Proceedings{icdcs07,
  booktitle = "ICDCS'07",
}

@Proceedings{rts00,
  booktitle = "EUROMICRO RTS'00",
}

@Proceedings{parco99,
  booktitle = "PARCO'99",
}

@Proceedings{mutation09,
  booktitle = "Mutation'09",
}

%%% FMCO %%%
@Proceedings{fmco04,
  booktitle = "FMCO'04",
}

@Proceedings{fmco05,
  booktitle = "FMCO'05",
}

%%% SMT %%%

@Proceedings{smt09,
  booktitle = "SMT'09",
}

%%% LPAR %%%

@Proceedings{lpar10,
  booktitle = "LPAR'10",
}

%%% CASSIS %%%

@Proceedings{cassis04,
  booktitle = "CASSIS'04",
}


%%% TPHOLs %%%

@Proceedings{tphols09,
  booktitle = "TPHOLs'09",
}

@Proceedings{submission16,
  booktitle = "[Under submission]",
}

%%% CSTVA %%%

@Proceedings{cstva11,
  booktitle = "CSTVA'11",
}


% ----------------------- Journals ------------------------------%


@Article{acm-tosem,
  journal = "TOSEM",
}

@Article{acm-tissec,
  journal = "TISSEC",
}

@Article{acm-tocs,
  journal = "TOCS",
}

@Article{empsweng,
  journal = "EMSE",
}

@Article{spe,
  journal = "SPE",
}

@Article{cacm,
  journal = "CACM",
}


@Article{acm-toplas,
  journal = "TOPLAS",
}

@Article{ieee-tc,
  journal = "TC",
}

@Article{ieee-tse,
  journal = "TSE",
}

@Article{stvr,
  journal = "STVR",
}

@Article{ieee-tdsc,
  journal = "TDSC",
}

@Article{ist,
  journal = "IST",
}

@Article{ijis,
  journal = "IJIS",
}

@Article{ijpp,
  journal = "IJPP",
}

@Article{jair,
  journal = "JAIR",
}

@Article{jsat,
  journal = "JSAT",
}

@Article{acm-csur,
  journal = "ACM Computing Surveys"
}

@Article{jcs,
  journal = "Journal of Computer Security"
}

@Article{sen,
  journal = "ACM SIGSOFT Software Engineering Notes"
}

@Article{ieee-soft,
  journal = "IEEE Software"
}

@Article{jss,
  journal = "Journal of Systems and Software"
}

@Article{gpem,
  journal = "Genetic Programming and Evolvable Machines"
}

@Article{ieee-sp,
  journal = "IEEE Security \& Privacy"
}

@Article{ibm-jrd,
  journal = "IBM Journal of Research and Development"
}

@Article{computerj,
  journal = "The Computer Journal",
}

@Article{dtj,
  journal = "Digital Technical Journal",
}
