@MISC{CVE-2015-3622,
  title = {{CVE}-2015-3622},
  howpublished = "Available from MITRE, {CVE-ID} {CVE}-2015-3622",
  month=dec # "~5",
  year = {2015},
  note={\url{https://cve.mitre.org/cgi-bin/cvename.cgi?name=CVE-2015-3622}},
}


@MISC{LIBASN,
  title = {{GNU} {L}ibtasn1},
  howpublished = "Available from GNU",
  month=may # "~25",
  year = {2016},
  note={\url{https://www.gnu.org/software/libtasn1}},
}

@article{Smaragdakis:FTPL2015,
 author = {Smaragdakis, Yannis and Balatsouras, George},
 title = {Pointer Analysis},
 journal = {Found. Trends Program. Lang.},
 issue_date = {4 2015},
 volume = {2},
 number = {1},
 month = apr,
 year = {2015},
 issn = {2325-1107},
 pages = {1--69},
 numpages = {69},
 url = {http://dx.doi.org/10.1561/2500000014},
 doi = {10.1561/2500000014},
 acmid = {2802195},
 publisher = {Now Publishers Inc.},
 address = {Hanover, MA, USA},
} 

@ARTICLE{Tip95asurvey,
    author = {F. Tip},
    title = {A Survey of Program Slicing Techniques},
    journal = {JOURNAL OF PROGRAMMING LANGUAGES},
    year = {1995},
    volume = {3},
    pages = {121--189}
}


@article{BinkleyH04,
  author = {Binkley, David and Harman, Mark},
  biburl = {https://www.bibsonomy.org/bibtex/2b25b1dc51091f9c87f172601b5dcc087/dblp},
  ee = {http://dx.doi.org/10.1016/S0065-2458(03)62003-6},
  interhash = {ac7327bd94e1969d847147fb15325773},
  intrahash = {b25b1dc51091f9c87f172601b5dcc087},
  journal = {Advances in Computers},
  keywords = {dblp},
  pages = {105-178},
  timestamp = {2011-12-01T11:35:17.000+0100},
  title = {A survey of empirical results on program slicing.},
  url = {http://dblp.uni-trier.de/db/journals/ac/ac62.html#BinkleyH04},
  volume = 62,
  year = 2004
}

@inproceedings{Hind:Paste2001,
 author = {Hind, Michael},
 title = {Pointer Analysis: Haven'T We Solved This Problem Yet?},
 booktitle = {Proceedings of the 2001 ACM SIGPLAN-SIGSOFT Workshop on Program Analysis for Software Tools and Engineering},
 series = {PASTE '01},
 year = {2001},
 isbn = {1-58113-413-4},
 location = {Snowbird, Utah, USA},
 pages = {54--61},
 numpages = {8},
 url = {http://doi.acm.org/10.1145/379605.379665},
 doi = {10.1145/379605.379665},
 acmid = {379665},
 publisher = {ACM},
 address = {New York, NY, USA},
} 


@article{Xu:Slicing2005,
 author = {Xu, Baowen and Qian, Ju and Zhang, Xiaofang and Wu, Zhongqiang and Chen, Lin},
 title = {A Brief Survey of Program Slicing},
 journal = {SIGSOFT Softw. Eng. Notes},
 issue_date = {March 2005},
 volume = {30},
 number = {2},
 month = mar,
 year = {2005},
 issn = {0163-5948},
 pages = {1--36},
 numpages = {36},
 url = {http://doi.acm.org/10.1145/1050849.1050865},
 doi = {10.1145/1050849.1050865},
 acmid = {1050865},
 publisher = {ACM},
 address = {New York, NY, USA},
 keywords = {debugging, dependence analysis, pointer analysis, program analysis, program slicing},
} 

@inproceedings{Weiser:ICSE1981,
 author = {Weiser, Mark},
 title = {Program Slicing},
 booktitle = {Proceedings of the 5th International Conference on Software Engineering},
 series = {ICSE '81},
 year = {1981},
 isbn = {0-89791-146-6},
 location = {San Diego, California, USA},
 pages = {439--449},
 numpages = {11},
 url = {http://dl.acm.org/citation.cfm?id=800078.802557},
 acmid = {802557},
 publisher = {IEEE Press},
 address = {Piscataway, NJ, USA},
 keywords = {Data flow analysis, Debugging, Human factors, Program maintenance, Program metrics, Software tools},
} 
